{
  "leader": "02902cam a22004091a 4500",
  "fields": [
    {
      "001": "ocm00448435\\"
    },
    {
      "003": "OCoLC"
    },
    {
      "005": "20220104154743.0"
    },
    {
      "008": "681209s1968\\\\\\\\nyuj\\\\\\\\\\b\\\\\\\\001\\0beng\\\\"
    },
    {
      "007": "ta"
    },
    {
      "010": {
        "ind1": "\\",
        "ind2": "\\",
        "subfields": [
          {
            "a": "   68027098 "
          }
        ]
      }
    },
    {
      "040": {
        "ind1": "\\",
        "ind2": "\\",
        "subfields": [
          {
            "a": "DLC"
          },
          {
            "b": "eng"
          },
          {
            "c": "DLC"
          },
          {
            "d": "OCLCG"
          },
          {
            "d": "CRU"
          },
          {
            "d": "UBY"
          },
          {
            "d": "NPL"
          },
          {
            "d": "CHRRO"
          },
          {
            "d": "UKMGB"
          },
          {
            "d": "RRR"
          },
          {
            "d": "SGB"
          },
          {
            "d": "OCLCF"
          },
          {
            "d": "OCLCQ"
          },
          {
            "d": "SJG"
          },
          {
            "d": "OCLCQ"
          },
          {
            "d": "OCLCO"
          },
          {
            "d": "U3G"
          }
        ]
      }
    },
    {
      "016": {
        "ind1": "7",
        "ind2": "\\",
        "subfields": [
          {
            "a": "001993108"
          },
          {
            "2": "Uk"
          }
        ]
      }
    },
    {
      "019": {
        "ind1": "\\",
        "ind2": "\\",
        "subfields": [
          {
            "a": "717842605"
          },
          {
            "a": "1087117826"
          },
          {
            "a": "1277108116"
          }
        ]
      }
    },
    {
      "035": {
        "ind1": "\\",
        "ind2": "\\",
        "subfields": [
          {
            "a": "(OCoLC)448435"
          },
          {
            "z": "(OCoLC)717842605"
          },
          {
            "z": "(OCoLC)1087117826"
          },
          {
            "z": "(OCoLC)1277108116"
          }
        ]
      }
    },
    {
      "050": {
        "ind1": "0",
        "ind2": "0",
        "subfields": [
          {
            "a": "BX7260.G45"
          },
          {
            "b": "K58 1968"
          }
        ]
      }
    },
    {
      "050": {
        "ind1": "\\",
        "ind2": "4",
        "subfields": [
          {
            "a": "BX7260.G45"
          },
          {
            "b": "K58 1968"
          }
        ]
      }
    },
    {
      "072": {
        "ind1": "\\",
        "ind2": "7",
        "subfields": [
          {
            "a": "s1th"
          },
          {
            "2": "rero"
          }
        ]
      }
    },
    {
      "082": {
        "ind1": "0",
        "ind2": "4",
        "subfields": [
          {
            "a": "285.8092"
          },
          {
            "b": "KNU"
          }
        ]
      }
    },
    {
      "100": {
        "ind1": "1",
        "ind2": "\\",
        "subfields": [
          {
            "a": "Knudten, Richard D."
          }
        ]
      }
    },
    {
      "245": {
        "ind1": "1",
        "ind2": "4",
        "subfields": [
          {
            "a": "The systematic thought of Washington Gladden /"
          },
          {
            "c": "by Richard D. Knudten."
          }
        ]
      }
    },
    {
      "260": {
        "ind1": "\\",
        "ind2": "\\",
        "subfields": [
          {
            "a": "New York :"
          },
          {
            "b": "Humanities Press,"
          },
          {
            "c": "1968."
          }
        ]
      }
    },
    {
      "300": {
        "ind1": "\\",
        "ind2": "\\",
        "subfields": [
          {
            "a": "ix, 301 pages :"
          },
          {
            "b": "genealogical table ;"
          },
          {
            "c": "24 cm"
          }
        ]
      }
    },
    {
      "336": {
        "ind1": "\\",
        "ind2": "\\",
        "subfields": [
          {
            "a": "text"
          },
          {
            "b": "txt"
          },
          {
            "2": "rdacontent"
          }
        ]
      }
    },
    {
      "337": {
        "ind1": "\\",
        "ind2": "\\",
        "subfields": [
          {
            "a": "unmediated"
          },
          {
            "b": "n"
          },
          {
            "2": "rdamedia"
          }
        ]
      }
    },
    {
      "338": {
        "ind1": "\\",
        "ind2": "\\",
        "subfields": [
          {
            "a": "volume"
          },
          {
            "b": "nc"
          },
          {
            "2": "rdacarrier"
          }
        ]
      }
    },
    {
      "504": {
        "ind1": "\\",
        "ind2": "\\",
        "subfields": [
          {
            "a": "Includes bibliographical references (pages 265-294)."
          }
        ]
      }
    },
    {
      "505": {
        "ind1": "0",
        "ind2": "\\",
        "subfields": [
          {
            "a": "Part one : The period, the movement and the man. The rise of the social gospel in a changing America -- The man Gladden -- Part two : Ingredients of a reinterpreted theology. Underlying assumptions -- God, man, and sin -- Jesus Christ and the redemption of men -- The work of the Holy Spirit -- The eschatological future of man -- Part three : Social principles for a changing society. General principles -- Economic life -- Political theory and organization -- The race question -- The problem of war and peace -- Education, recreation, and social welfare -- Part four : The meaning of Gladden's thought. Interpreting social changes : Gladden's significance -- Appendixes. Genealogy of Gladden -- Chronology of the life of Washington Gladden."
          }
        ]
      }
    },
    {
      "520": {
        "ind1": "\\",
        "ind2": "\\",
        "subfields": [
          {
            "a": "As the minister of the First Congregational Church, Columbus, Ohio, Washington Gladden exerted a national and international influence as the unofficial Father of the Social Gospel. Coupling a sociological concern with his liberal theological dedication, Gladden re-emphasized the role of the Church as the institutional servant of the Kingdom of God in continuing society. Although Walter Rauschenbusch has been considered the most prominent member of the Movement, Gladden offered the original impetus in his practical emphasis upon the reintegration of the sacred and the secular, and the Church and the State. - p. vii."
          }
        ]
      }
    },
    {
      "600": {
        "ind1": "1",
        "ind2": "0",
        "subfields": [
          {
            "a": "Gladden, Washington,"
          },
          {
            "d": "1836-1918."
          }
        ]
      }
    },
    {
      "650": {
        "ind1": "\\",
        "ind2": "0",
        "subfields": [
          {
            "a": "Social gospel."
          }
        ]
      }
    },
    {
      "600": {
        "ind1": "1",
        "ind2": "7",
        "subfields": [
          {
            "a": "Gladden, Washington,"
          },
          {
            "d": "1836-1918"
          },
          {
            "2": "fast"
          },
          {
            "0": "(OCoLC)fst00011161"
          }
        ]
      }
    },
    {
      "650": {
        "ind1": "\\",
        "ind2": "7",
        "subfields": [
          {
            "a": "Social gospel."
          },
          {
            "2": "fast"
          },
          {
            "0": "(OCoLC)fst01122474"
          }
        ]
      }
    },
    {
      "776": {
        "ind1": "0",
        "ind2": "8",
        "subfields": [
          {
            "i": "Online version:"
          },
          {
            "a": "Knudten, Richard D."
          },
          {
            "t": "Systematic thought of Washington Gladden."
          },
          {
            "d": "New York, Humanities Press, 1968"
          },
          {
            "w": "(OCoLC)616737871"
          }
        ]
      }
    },
    {
      "994": {
        "ind1": "\\",
        "ind2": "\\",
        "subfields": [
          {
            "a": "Z0"
          },
          {
            "b": "NYRVC"
          }
        ]
      }
    },
    {
      "948": {
        "ind1": "\\",
        "ind2": "\\",
        "subfields": [
          {
            "h": "NO HOLDINGS IN NYRVC - 317 OTHER HOLDINGS"
          }
        ]
      }
    },
    {
      "999": {
        "ind1": "\\",
        "ind2": "\\",
        "subfields": [
          {
            "a": "00000000016362"
          }
        ]
      }
    }
  ]
}